@article{Einstein1905,
author = {Einstein, A.},
title = {Ist die Trägheit eines Körpers von seinem Energieinhalt abhängig?},
journal = {Annalen der Physik},
volume = {323},
number = {13},
pages = {639-641},
doi = {10.1002/andp.19053231314},
year = {1905}
}
